@article{culham2003vgg,
  title={{Visually guided grasping produces fMRI activation in dorsal but not ventral stream brain areas}},
  author={Culham, J.C. and Danckert, S.L. and Souza, J.F.X.D. and Gati, J.S. and Menon, R.S. and Goodale, M.A.},
  journal={Experimental Brain Research},
  volume={153},
  number={2},
  pages={180--189},
  year={2003},
  publisher={Springer}
}

@article{rao1996rbf,
  title={{Relationship Between Finger Movement Rate and Functional Magnetic Resonance Signal Change in Human Primary Motor Cortex}},
  author={Rao, S.M. and Bandettini, P.A. and Binder, J.R. and Bobholz, J.A. and Hammeke, T.A. and Stein, E.A. and Hyde, J.S.},
  journal={Journal of Cerebral Blood Flow \& Metabolism},
  volume={16},
  pages={1250--1254},
  year={1996}
}


@misc{buckner1996dca,
  title={{Detection of cortical activation during averaged single trials of a cognitive task using functional magnetic resonance imaging}},
  author={Buckner, R.L. and Bandettini, P.A. and O'Craven, K.M. and Savoy, R.L. and Petersen, S.E. and Raichle, M.E. and Rosen, B.R.},
  journal={Proceedings of the National Academy of Sciences},
  volume={93},
  number={25},
  pages={14878--14883},
  year={1996},
  publisher={National Acad Sciences}
}

@article{burock1998rer,
  title={{Randomized event-related experimental designs allow for extremely rapid presentation rates using functional MRI}},
  author={Burock, M.A. and Buckner, R.L. and Woldorff, M.G. and Rosen, B.R. and Dale, A.M.},
  journal={Neuroreport},
  volume={9},
  number={16},
  pages={3735--3739},
  year={1998}
}

@article{kim1997ltr,
  title={{Limitations of temporal resolution in functional MRI}},
  author={Kim, SG and Richter, W. and Ugurbil, K.},
  journal={Magn Reson Med},
  volume={37},
  number={4},
  pages={631--6},
  year={1997}
}

@article{im2006tcm,
  title={{A technique to consider mismatches between fMRI and EEG/MEG sources for fMRI-constrained EEG/MEG source imaging: a preliminary simulation study}},
  author={Im, C.H. and Lee, S.Y.},
  journal={Physics in Medicine and Biology},
  volume={51},
  number={23},
  pages={6005--6021},
  year={2006},
  publisher={Institute of Physics Publishing}
}

@article{ahlfors1999sac,
  title={{Spatiotemporal Activity of a Cortical Network for Processing Visual Motion Revealed by MEG and fMRI}},
  author={Ahlfors, SP and Simpson, GV and Dale, AM and Belliveau, JW and Liu, AK and Korvenoja, A. and Virtanen, J. and Huotilainen, M. and Tootell, RBH and Aronen, HJ and others},
  journal={Journal of Neurophysiology},
  volume={82},
  number={5},
  pages={2545--2555},
  year={1999},
  publisher={Am Physiological Soc}
}

@ARTICLE{supp2005_smr,
  author = {Supp, G.G. and Schl\"ogl, A. and Fiebach, C.J. and Gunter, T.C. and
	Vigliocco, G. and Pfurtscheller, G. and Petsche, H.},
  title = {Short Communication: Semantic memory retrieval: cortical couplings
	in object recognition in the N400 window},
  journal = {European Journal of Neuroscience},
  year = {2005},
  volume = {21},
  pages = {1139},
  number = {4},
  owner = {cmappus},
  publisher = {Blackwell Synergy},
  timestamp = {2007.06.29}
}

@ARTICLE{tranel2005_env,
  author = {Tranel, D. and Martin, C. and Damasio, H. and Grabowski, TJ and Hichwa,
	R.},
  title = {{Effects of Noun-Verb Homonymy on the Neural Correlates of Naming
	Concrete Entities and Actions.}},
  journal = {Brain and Language},
  year = {2005},
  volume = {92},
  pages = {p288-299},
  number = {3},
  owner = {cmappus},
  publisher = {Elsevier Customer Service Department, 6277 Sea Harbor Drive, Orlando,
	FL 32887-4800. Tel: 877-839-7126 (Toll Free), Fax: 407-363-1354,
	e-mail: usjcs@ elsevier. com.},
  timestamp = {2007.06.29}
}

@ARTICLE{lee2006_mme,
  author = {Lee, C.L. and Federmeier, K.D.},
  title = {{To mind the mind: An event-related potential study of word class
	and semantic ambiguity}},
  journal = {Brain research},
  year = {2006},
  volume = {1081},
  pages = {191--202},
  owner = {cmappus},
  publisher = {Elsevier},
  timestamp = {2007.06.29}
}

@ARTICLE{dehaene1995_eec,
  author = {Dehaene, S.},
  title = {{Electrophysiological evidence for category-specific word processing
	in the normal human brain. Cognitive Neuroscience and Neuropsychology}},
  journal = {Neuroreport},
  year = {1995},
  volume = {6},
  pages = {2153--2157},
  number = {16},
  owner = {cmappus},
  timestamp = {2007.06.29}
}

@ARTICLE{hjorth1975_oie,
  author = {Hjorth, B.},
  title = {An on-line information of {EEG} scalp potentials into orthonormal
	source derivations},
  journal = {Electroencephalogrpahy and Clinical Neurophysiology},
  year = {1975},
  volume = {39},
  pages = {526-30},
  owner = {cmappus},
  timestamp = {2007.06.29}
}

@ARTICLE{perrin1988_sss,
  author = {Perrin, F. and Pernier, J. and Bertrand, O. and Echallier, JF},
  title = {{Spherical splines for scalp potential and current source density
	mapping}},
  journal = {Electroencephalography and Clinical Neurophysiology},
  year = {1988},
  volume = {72},
  pages = {184--187},
  owner = {cmappus},
  timestamp = {2007.06.29}
}

@ARTICLE{corina2003_llb,
  author = {Corina, D.P. and San Jose-Robertson, L. and Guillemin, A. and High,
	J. and Braun, A.R.},
  title = {{Language Lateralization in a Bimanual Language}},
  journal = {Journal of Cognitive Neuroscience},
  year = {2003},
  volume = {15},
  pages = {718--730},
  number = {5},
  owner = {cmappus},
  publisher = {MIT Press},
  timestamp = {2007.06.29}
}

@ARTICLE{emmorey2004_mis,
  author = {Emmorey, K. and Grabowski, T. and McCullough, S. and Damasio, H.
	and Ponto, L. and Hichwa, R. and Bellugi, U.},
  title = {{Motor-iconicity of sign language does not alter the neural systems
	underlying tool and action naming}},
  journal = {Brain Lang},
  year = {2004},
  volume = {89},
  pages = {27--37},
  number = {1},
  owner = {cmappus},
  timestamp = {2007.06.29}
}

@INCOLLECTION{emmorey_broca_region_2006,
  author = {Emmorey, K.},
  title = {The role of Broca's area in sign language},
  booktitle = {Broca's Region},
  publisher = {Oxford University Press},
  year = {2006},
  editor = {Y. Grodzinksy and K. Amunts},
  pages = {167--182},
  owner = {cmappus},
  timestamp = {2007.06.29}
}

@INPROCEEDINGS{wagner2000fcd,
  title={{fMRI-constrained dipole fits and current density reconstructions}},
  booktitle = {Proc 12th Intl Conf Biomagnetism},
  author={Wagner, M. and Fuchs, M. and Kastner, J.},
  pages={785--788},
  year={2000}
}

@article{dale2000dsp,
  title={{Dynamic Statistical Parametric Neurotechnique Mapping: Combining fMRI and MEG for High-Resolution Imaging of Cortical Activity}},
  author={Dale, A.M. and Liu, A.K. and Fischl, B.R. and Buckner, R.L. and Belliveau, J.W. and Lewine, J.D. and Halgren, E. and Center, M.R.},
  journal={Neuron},
  volume={26},
  pages={55--67},
  year={2000}
}


@article{pfurtscheller1997mia,
  title={{Motor imagery activates primary sensorimotor area in humans}},
  author={Pfurtscheller, G. and Neuper, C.},
  journal={Neuroscience Letters},
  volume={239},
  number={2},
  pages={65--68},
  year={1997},
  publisher={Elsevier Science}
}

@article{beisteiner1995mrm,
  title={{Mental representations of movements. Brain potentials associated with imagination of hand movements.}},
  author={Beisteiner, R. and Hollinger, P. and Lindinger, G. and Lang, W. and Berthoz, A.},
  journal={Electroencephalogr Clin Neurophysiol},
  volume={96},
  number={2},
  pages={183--93},
  year={1995}
}

@article{lang1996eam,
  title={{Electric and magnetic fields of the brain accompanying internal simulation of movement}},
  author={Lang, W. and Cheyne, D. and H{\"o}llinger, P. and Gerschlager, W. and Lindinger, G.},
  journal={Cognitive brain research},
  volume={3},
  number={2},
  pages={125--129},
  year={1996},
  publisher={Elsevier Science}
}

@article{lotze1999aac,
  title={{Activation of Cortical and Cerebellar Motor Areas during Executed and Imagined Hand Movements: An fMRI Study}},
  author={Lotze, M. and Montoya, P. and Erb, M. and Hulsmann, E. and Flor, H. and Klose, U. and Birbaumer, N. and Grodd, W.},
  journal={Journal of Cognitive Neuroscience},
  volume={11},
  number={5},
  pages={491--501},
  year={1999},
  publisher={MIT Press}
}

@book{ficke1992ddp,
  title={{Digest of Data on Persons with Disabilities}},
  author={Ficke, R.C. and National Institute on Disability and Rehabilitation Research (US) and Science Management Corporation},
  year={1992},
  publisher={National Institute on Disability and Rehabilitation Research}
}

@article{NABMRR1992,
  key={{NABMRR}},
  title={{National Advisory Board on Medical Rehabilitation Research, Report and Research Plan for the National Center for Medical Rehabilitation Research}},
  publisher={National Institute of Child Health and Human Development, National Institute of Health},
  year={1992}}

@article{murray1997gmd,
  title={{Global mortality, disability, and the contribution of risk factors: Global Burden of Disease Study.}},
  author={Murray, CJ and Lopez, AD},
  journal={Lancet},
  volume={349},
  number={9063},
  year={1997}
}

@article{carter1997rmn,
  title={{Rehabilitation management in neuromuscular disease}},
  author={Carter, G.T.},
  journal={J Neurol Rehabil},
  volume={11},
  pages={69--80},
  year={1997}
}

@article{gao2003bbe,
  title={{A BCI-based environmental controller for the motion-disabled}},
  author={Gao, X. and Xu, D. and Cheng, M. and Gao, S.},
  journal={IEEE Transactions on neural systems and rehabilitation engineering},
  volume={11},
  number={2},
  pages={137--140},
  year={2003},
  publisher={IEEE Engineering in Medicine and Biology Society}
}

@article{starner1998rta,
  title={{Real-time American sign language recognition using desk andwearable computer based video}},
  author={Starner, T. and Weaver, J. and Pentland, A.},
  journal={Pattern Analysis and Machine Intelligence, IEEE Transactions on},
  volume={20},
  number={12},
  pages={1371--1375},
  year={1998}
}

@article{bobick2001rhm,
  title={{The Recognition of Human Movement Using Temporal Templates}},
  author={Bobick, A.F. and Davis, J.W.},
  journal={IEEE Transactions on Pattern Analysis and Machine Intelligence},
  volume={23},
  number={3},
  pages={257--267},
  year={2001},
  publisher={IEEE Computer Society Washington, DC, USA}
}

@article{mckeown1998afd,
  title={{Analysis of fMRI data by blind separation into independent spatial components}},
  author={Mckeown, M.J. and Makeig, S. and Brown, G.G. and Jung, T.P. and Kindermann, S.S. and Bell, A.J. and Sejnowski, T.J.},
  journal={Human Brain Mapping},
  volume={6},
  number={3},
  pages={160--188},
  year={1998}
}
