%%% Cite two-point correlation

%  Allocating Independent Subtasks on Parallel Processors
%  Kruskal, C.P.; Weiss, A.
%  Software Engineering, IEEE Transactions on
%  Volume: SE-11  Issue: 10  Oct. 1985
%  Page(s): 1001- 1016 
%  
%  A comparison of task scheduling strategies for multiprocessor systems
%  Dandamudi, S.
%  Parallel and Distributed Processing, 1991. Proceedings of the Third IEEE Symposium on
%   2-5 Dec 1991
%  Page(s): 423-426 
@article{kruskal85allocating,
 author = {Clyde P. Kruskal and Alan Weiss},
 title = {Allocating independent subtasks on parallel processors},
 journal = {IEEE Trans. Softw. Eng.},
 volume = {11},
 number = {10},
 year = {1985},
 issn = {0098-5589},
 pages = {1001--1016},
 doi = {http://dx.doi.org/10.1109/TSE.1985.231547},
 publisher = {IEEE Press},
 address = {Piscataway, NJ, USA},
 }
@inproceedings{ banicescu95balancing,
    author = "Ioana Banicescu and Susan Flynn Hummel",
    title = "Balancing Processor Loads and Exploiting Data Locality in ${N}$-Body Simulations",
    year = "1995",
    url = "citeseer.ist.psu.edu/banicescu95balancing.html" }
%    pages = "??--??",
@techreport{ markatos92using,
    author = "E. P. Markatos and T. J. LeBlanc",
    title = "Using Processor Affinity in Loop Scheduling on Shared-Memory Multiprocessors",
    number = "TR410",
    year = "1992",
    url = "citeseer.ist.psu.edu/markatos94using.html" }

@article{ singh95load,
    author = "Jaswinder Pal Singh and Chris Holt and Takashi Totsuka and Anoop Gupta and John Hennessy",
    title = "Load Balancing and Data Locality in Adaptive Hierarchical {$N$}-Body Methods: {Barnes-Hut}, Fast Multipole, and Radiosity",
    journal = "Journal of Parallel and Distributed Computing",
    volume = "27",
    number = "2",
    pages = "118--141",
    year = "1995",
    url = "citeseer.ist.psu.edu/singh95load.html" }
@inproceedings{ nyland93dataparallel,
    author = "Lars S. Nyland and Jan F. Prins and John H. Reif",
    title = "A Data-Parallel Implementation of the Adaptive Fast Multipole Algorithm",
    booktitle = "Proceedings of the 1993 {DAGS}/{PC} Symposium",
    address = "Hanover, NH",
    pages = "111--123",
    year = "1993",
    url = "citeseer.ist.psu.edu/nyland93dataparallel.html" }
@article{ singh92implications,
  author = {Jaswinder Pal Singh},
  title = {Implications of hierarchical N-body methods for multiprocessor architecture},
  journal = {SIGARCH Comput. Archit. News},
  volume = {20},
  number = {2},
  year = {1992},
  issn = {0163-5964},
  pages = {436},
  doi = {http://doi.acm.org/10.1145/146628.140653},
  publisher = {ACM Press},
  address = {New York, NY, USA},
}

@article{grape,
    author = "{D. Sugimoto, Y. Chikada, J. Makino, T. Ito, T. Ebisuzaki, and M. Umemura}",
    title = {{A Special-Purpose Computer for Gravitational Many-Body Problems}},
    journal = {Nature},
    volume = {345},
    pages = {33-35},
    year = {1990}
}
@article{affinity,
  author = {Frey, Brendan J. and Dueck, Delbert},
  title = {{Clustering by Passing Messages Between Data Points}},
  journal = {Science},
  volume = {315},
  number = {5814},
  pages = {972-976},
  doi = {10.1126/science.1136800},
  year = {2007},
  abstract = {Clustering data by identifying a subset of representative examples},
  URL = {http://www.sciencemag.org/cgi/content/abstract/315/5814/972},
  eprint = {http://www.sciencemag.org/cgi/reprint/315/5814/972.pdf}
}

@inproceedings{ keleher92lazy,
    author = "Pete Keleher and Alan L. Cox and Willy Zwaenepoel",
    title = "Lazy Release Consistency for Software Distributed Shared Memory",
    booktitle = "Proc. of the 19th Annual Int'l Symp. on Computer Architecture ({ISCA}'92)",
    pages = "13--21",
    year = "1992",
    url = "citeseer.ist.psu.edu/keleher92lazy.html" }
@article{ keleher95evaluation,
    author = "Pete Keleher and Alan L. Cox and Sandhya Dwarkadas and Willy Zwaenepoel",
    title = "An Evaluation of Software-Based Release Consistent Protocols",
    journal = "Journal of Parallel and Distributed Computing",
    volume = "29",
    number = "2",
    pages = "126--141",
    year = "1995",
    url = "citeseer.ist.psu.edu/keleher95evaluation.html" }

@inproceedings{ scales94design,
    author = "Daniel J. Scales and Monica S. Lam",
    title = "The Design and Evaluation of a Shared Object System for Distributed Memory Machines",
    booktitle = "Operating Systems Design and Implementation",
    pages = "101-114",
    year = "1994",
    url = "citeseer.ist.psu.edu/scales94design.html" }
@techreport{ scales94efficient,
    author = "D. J. Scales and M. S. Lam",
    title = "An Efficient Shared Memory Layer for Distributed Memory Machines",
    number = "CSL-TR-94-627",
    year = "1994",
    url = "citeseer.ist.psu.edu/scales94efficient.html" }

@misc{ hu94implementing,
  author = "Yu Hu and S. Lennart Johnsson",
  title = "Implementing N-body Algorithms Efficiently in Data-Parallel Languages",
  url = "citeseer.ist.psu.edu/182950.html" }
@inproceedings{mapreduce,
 author = {Jeffrey Dean and Sanjay Ghemawat},
 title = {MapReduce: Simplified Data Processing on Large Clusters},
 booktitle = {OSDI'04: Proceedings of the 6th conference on Symposium on Operating Systems Design \& Implementation},
 year = {2004},
 pages = {10--10},
 location = {San Francisco, CA},
 publisher = {USENIX Association},
 address = {Berkeley, CA, USA},
 }
@inproceedings{ warren93parallel,
    author = "Michael S. Warren and John K. Salmon",
    title = "A parallel hashed Oct-Tree N-body algorithm",
    booktitle = "Supercomputing",
    pages = "12-21",
    year = "1993",
    url = "citeseer.ist.psu.edu/warren93parallel.html" }
@inproceedings{ warren92astrophysical,
    author = "Michael S. Warren and John K. Salmon",
    title = "Astrophysical N-body Simulations Using Hierarchical Tree Data Structures",
    booktitle = "Supercomputing",
    pages = "570-576",
    year = "1992",
    url = "citeseer.ist.psu.edu/warren92astrophysical.html" }
@inproceedings{ salmon97parallel,
    author = "John Salmon and Michael Warren",
    title = "Parallel Out-of-core Methods for {N}-body Simulation",
    booktitle = "Proceedings of the Eighth {SIAM} Conference on Parallel Processing for Scientific Computing",
    year = "1997",
    url = "citeseer.ist.psu.edu/salmon97parallel.html" }

@inproceedings{ feeley95implementing,
    author = "Michael J. Feeley and William E. Morgan and Frederic H. Pighin and Anna R. Karlin and Henry M. Levy and Chandramohan A. Thekkath",
    title = "Implementing Global Memory Management in a Workstation Cluster",
    booktitle = "Symposium on Operating Systems Principles",
    pages = "201-212",
    year = "1995",
    url = "citeseer.ist.psu.edu/feeley95implementing.html" }

@inproceedings{ liu94experiences,
    author = "Pangfeng Liu and Sandeep N. Bhatt",
    title = "Experiences with Parallel N-Body Simulation",
    booktitle = "{ACM} Symposium on Parallel Algorithms and Architectures",
    pages = "122-131",
    year = "1994",
    url = "citeseer.ist.psu.edu/317475.html" }

@article{barnes_hut,
	author = "J. Barnes and P. Hut",
	title = "A Hierarchical $O(N log N)$ Force-Calculation Algorithm",
	journal = "Nature",
	volume = "324",
	year = "1986"
}

@article{greengard_fmm,
	author = "L. Greengard and V. Rokhlin",
	title = "A {Fast} {Algorithm} for {Particle} {Simulations}",
	journal = "Journal of Computational Physics",
	volume = "73",
	pages = "325--348",
	year = "1987"
}

@article{grama_para_bh,
	author = "Ananth Grama and Vipin Kumar and Ahmed Sameh",
	title = "Scalable parallel formulations of the {Barnes--Hut} method for $N$-body simulations",
	journal = "Parallel Computing",
	volume = "24",
	number = "5--6",
	pages = "797--822",
	year = "1998"
}

@inproceedings{amor_para_bh,
    author = "Margarita Amor and Francisco Arguello and Juan Lopez and O. G. Plata and Emilio L. Zapata",
    title = "A Data Parallel Formulation of the Barnes-Hut Method for $N$-Body Simulations",
    booktitle = "{PARA}",
    pages = "342-349",
    year = "2000"
}

@inproceedings{zezula_para_mtree,
    author = "Pavel Zezula and Pasquale Savino and Fausto Rabitti and Giuseppe Amato and Paolo Ciaccia",
    title = "Processing M-trees with Parallel Resources",
    booktitle = "{RIDE}",
    pages = "147-154",
    year = "1998"
}

@Article{friedman_bentley_finkel,
	author = "J. H. Friedman and J. L. Bentley and R. A. Finkel",
	title = "An Algorithm for Finding Best Matches in Logarithmic Expected Time",
	journal = "{ACM} Transactions on Mathematical Software",
	volume = "3",
	number = "3",
	pages = "209--226",
	month = "September",
	year = 1977
}

@inproceedings{callahan_wspd,
    author = "Paul B. Callahan",
    title = "Optimal Parallel All-Nearest-Neighbors Using the Well-Separated Pair Decomposition (Preliminary Version)",
    booktitle = "{IEEE} Symposium on Foundations of Computer Science",
    pages = "332-340",
    year = "1993"
}

@incollection{blelloch_nbody,
	author = "Guy Blelloch and Girija Narlikar",
	title = "A Practical Comparison of $N$-Body Algorithms",
	booktitle = "Parallel Algorithms",
	series = "Series in Discrete Mathematics and Theoretical Computer Science",
	publisher="American Mathematical Society",
	year = "1997"
}

@inproceedings{gray_nbody,
	author = "A. Gray and A. W. Moore",
	title = "{$N$-Body Problems in Statistical Learning}",
	booktitle  = "{Advances in Neural Information Processing Systems 13 (December 2000)}",
	year = "2001",
	publisher = "MIT Press"
}

@incollection{lee_gauss1,
	author = {Dongryeol Lee and Alexander Gray and Andrew Moore},
	title = {Dual-Tree Fast Gauss Transforms},
	booktitle = {Advances in Neural Information Processing Systems 18},
	publisher = {MIT Press},
	address = {Cambridge, MA},
	pages = {747--754},
	year = {2006}
}
	%editor	= "Leen, Todd K. and Dietterich, Thomas G. and Tresp, Volker",
	%editor = {Y. Weiss and B. Sch\"{o}lkopf and J. Platt},

@inproceedings{lee_gauss2,
	author = "Dongryeol Lee and Alexander Gray",
	title = "{Faster Gaussian Summation: Theory and Experiment}",
	booktitle = "{Proceedings of the Twenty-second Conference on Uncertainty in Artificial Intelligence}",
	year = "2006"
}

@inproceedings{gray_kde,
	author = "Alexander G. Gray and Andrew W. Moore",
	title = "{Nonparametric Density Estimation: Toward Computational Tractability}",
	booktitle = "{SIAM International Conference on Data Mining 2003}",
	note = "{Best algorithms paper award.}",
	year = "2003"
}

@inproceedings{csicc,
	author = "M. Ghaderi and M. Ghodsi",
	title = "{Parallel all nearest neighbor searching in high dimensional spaces}",
	booktitle = "{7th CSI Computer Conference}",
	year = "2002"
}

@book{silverman_kde,
	author = "B. W. Silverman",
	title = "{Density Estimation for Statistics and Data Analysis}",
	publisher = "{Chapman and Hall/CRC}",
	year = "1986"
}
@article{ alfuraih00parallel,
    author = "I. Al-furaih and S. Aluru and S. Goil and S. Ranka",
    title = "Parallel Construction of Multidimensional Binary Search Trees",
    journal = "IEEE Transactions on Parallel and Distributed Systems",
    volume = "11",
    number = "2",
    pages = "136--??",
    year = "2000",
    url = "citeseer.ist.psu.edu/18533.html" }

@article{appel_alg,
	author = "A. W. Appel",
	year = "1985",
	title = "{An Efficient Program for Many-Body Simulations}",
	journal = "{SIAM Journal on Scientific and Statistical Computing}",
	volume = "6",
	Number = "1",
	pages = "85-103"
}

@book{preparata_kdtrees,
    author = "{Franco P. Preparata and Michael Ian Shamos}",
    title = "{Computational Geometry}",
    publisher = "{Springer-Verlag}",
    year = "{1985}",
    address = "{New York}",
    chapter = "{2.3.2}"
}

@techreport{forum94mpi,
   author = "Message Passing Interface Forum",
   title = "{MPI}: {A} Message-Passing Interface Standard",
   number = "UT-CS-94-230",
   year = "1994",
   url = "citeseer.ist.psu.edu/article/forum94mpi.html" }

@inproceedings{workstealing,
    author = "R. Blumofe and C. Leiserson",
    title = "Scheduling multithreaded computations by work stealing",
    booktitle = "Proceedings of the 35th Annual Symposium on Foundations
      of Computer Science, Santa Fe, New Mexico.",
    pages="356--368",
    year = "1994",
    month = "November",
    url = "citeseer.ist.psu.edu/article/blumofe94scheduling.html" }

@phdthesis{singh_thesis,
    author = "{Jaswinder Pal Singh}",
    title = "{Hierarchical N-body Methods and Their Implications for Multiprocessors}",
    school = "{Stanford University}",
    year = "1993"}

@phdthesis{salmon_thesis,
    author = "{John K. Salmon}",
    title = "{Parallel Hierarchical N-Body Methods}",
    school = "{California Institute of Technology}",
    year = "1990"}
