
%% Created for Bill March at 2007-10-24 21:41:25 -0400 


%% Saved with string encoding Western (ASCII) 



@article{LYBRAND:1985qy,
	Author = {T. P. Lybrand and Peter A. Kollman},
	Date-Added = {2007-10-24 21:41:21 -0400},
	Date-Modified = {2007-10-24 21:41:21 -0400},
	Journal = {Journal of Chemical Physics},
	Keywords = {many-body},
	Local-Url = {file://localhost/Users/Antoninus/Desktop/unfiled/lybrand_water.pdf},
	Pages = {2923-2933},
	Title = {Water-water and water-ion potential functions including terms for many body effects},
	Volume = {83},
	Year = {1985}}

@incollection{NIPS2005_570,
	Address = {Cambridge, MA},
	Author = {Dongryeol Lee and Alexander Gray and Andrew Moore},
	Booktitle = {Advances in Neural Information Processing Systems 18},
	Date-Added = {2007-10-24 21:40:53 -0400},
	Date-Modified = {2007-10-24 21:40:53 -0400},
	Editor = {Y. Weiss and B. Sch\"{o}lkopf and J. Platt},
	Keywords = {FGT, N-body, HF, integrals},
	Pages = {747--754},
	Publisher = {MIT Press},
	Title = {Dual-Tree Fast Gauss Transforms},
	Year = {2006}}

@article{axilrod_teller,
	Author = {B. M. Axilrod and E. Teller},
	Date-Added = {2007-10-24 13:32:16 -0400},
	Date-Modified = {2007-10-24 13:32:16 -0400},
	Journal = {J. Chem. Phys.},
	Keywords = {many-body},
	Number = {299},
	Title = {Interaction of the Van der Waals type between three atoms},
	Volume = {11},
	Year = {1943}}

@book{Leach:2001rt,
	Address = {Harlow, England},
	Author = {Leach, Andrew R},
	Call-Number = {QD480},
	Date-Added = {2007-10-24 13:32:05 -0400},
	Date-Modified = {2007-10-24 13:32:05 -0400},
	Dewey-Call-Number = {541.2/2/0113},
	Edition = {2nd ed},
	Genre = {Molecular structure},
	Isbn = {0582382106 (pbk.)},
	Keywords = {proteins, reference},
	Library-Id = {00046480},
	Publisher = {Prentice Hall},
	Title = {Molecular modelling : principles and applications},
	Year = {2001}}

@inproceedings{gray_nbody,
	Author = {A. Gray and A. W. Moore},
	Booktitle = {Advances in Neural Information Processing Systems 13 (December 2000)},
	Date-Added = {2007-10-17 21:13:14 -0400},
	Date-Modified = {2007-10-17 21:13:14 -0400},
	Editor = {Leen, Todd K. and Dietterich, Thomas G. and Tresp, Volker},
	Keywords = {N-body},
	Local-Url = {file://localhost/Users/Antoninus/Desktop/general%20FASTLAB/nips-final.pdf},
	Publisher = {MIT Press},
	Title = {N-Body Problems in Statistical Learning},
	Year = {2001}}

@article{boys_integrals,
	Author = {S. F. Boys},
	Date-Added = {2007-10-17 21:09:30 -0400},
	Date-Modified = {2007-10-17 21:09:30 -0400},
	Journal = {Proceedings of the Royal Society of London. Series A,},
	Keywords = {HF, DFT},
	Local-Url = {file://localhost/Users/Antoninus/Desktop/boys_integrals.pdf},
	Number = {1063},
	Pages = {542--554},
	Title = {Electronic Wave Functions. I. A General Method of Calculation for the Stationary States of Any Molecular System},
	Volume = {200},
	Year = {1949}}

@article{obara_efficient,
	Author = {S. Obara and A. Saika},
	Date-Added = {2007-10-17 21:09:20 -0400},
	Date-Modified = {2007-10-17 21:09:20 -0400},
	Journal = {J. Chem. Phys.},
	Keywords = {readme, HF, Sherrill, integrals},
	Local-Url = {file://localhost/Users/Antoninus/Desktop/obara_1986_3963.pdf},
	Month = {April},
	Number = {7},
	Pages = {3963--3974},
	Title = {Efficient recursive computation of molecular integrals over Cartesian Gaussian functions},
	Volume = {84},
	Year = {1986}}

@article{white_linear,
	Author = {Christopher A. White and Benny G. Johnson and Peter M. W. Gill and Martin Head-Gordon},
	Date-Added = {2007-10-17 21:08:52 -0400},
	Date-Modified = {2007-10-17 21:08:52 -0400},
	Journal = {Chemical Physics Letters},
	Keywords = {FMM, HF, DFT, Sherrill},
	Local-Url = {file://localhost/Users/Antoninus/Desktop/white_linear.pdf},
	Pages = {268--278},
	Read = {Yes},
	Title = {Linear scaling density functional calculations via the continuous fast multipole method},
	Volume = {253},
	Year = {1996}}

@article{grngard,
	Author = {L. Greengard and V. Rokhlin},
	Date-Added = {2007-10-17 21:08:16 -0400},
	Date-Modified = {2007-10-17 21:08:16 -0400},
	Journal = {Journal of Computational Physics},
	Keywords = {FMM},
	Pages = {325--248},
	Title = {{A Fast Algorithm for Particle Simulations}},
	Volume = {73},
	Year = {1987}}
