@misc{liebermeister2002lmg,
  title={{Linear modes of gene expression determined by independent component analysis}},
  author={Liebermeister, W.},
  journal={Bioinformatics},
  volume={18},
  number={1},
  pages={51--60},
  year={2002},
  publisher={Oxford Univ Press}
}
